@article{example2023,
  title={An example article},
  author={Doe, John and Smith, Jane},
  journal={Journal of Example Studies},
  volume={1},
  number={1},
  pages={1-10},
  year={2023},
  publisher={Example Publisher}
}

@book{example_book2022,
  title={An example book},
  author={Doe, John},
  year={2022},
  publisher={Example Publisher}
}


@online{Phytoplankton_data,
  author       = {Magnuson,J.J., S.R.Carpenter, and E.H.Stanley},
  title        = {North Temperate Lakes LTER: Phytoplankton - Madison Lakes Area 1995 - current},
  year         = 2022,
  url          = {https://portal.edirepository.org/nis/mapbrowse?scope=knb-lter-ntl&identifier=88&revision=31},
  note         = {Accessed: 2023-04-20}
}


@article{rain,
  title={Effect of meteorological factors on PM2. 5 during July to September of Beijing},
  author={Pu, Wei-wei and Zhao, Xiu-juan and Zhang, Xiao-ling and Ma, Zhi-qiang},
  journal={Procedia Earth and Planetary Science},
  volume={2},
  pages={272-277},
  year={2011}
}



