@article{intro1,
  title={Global Air Quality, past present and future: an introduction},
  author={Doe, John and Smith, JaneFowler, D., Pyle, J. A., Sutton, M. A., and Williams, M. L.},
  journal={Philosophical Transactions of the Royal Society A},
  volume={378},
  number={2183},
  pages={20190323},
  year={2020},
}

@article{intro2,
  title={Air pollution and health},
  author={Brunekreef, B., and Holgate, S. T. },
  journal={The lancet},
  volume={360},
  number={9341},
  pages={1233-1242},
  year={2002},
}

@article{intro3,
  title={Association of air pollution with increased incidence of ventricular tachyarrhythmias recorded by implanted cardioverter defibrillators},
  author={Dockery, D. W., Luttmann-Gibson, H., Rich, D. Q., Link, M. S., Mittleman, M. A., Gold, D. R., ... and Verrier, R. L.},
  journal={Environmental health perspectives},
  volume={113},
  number={6},
  pages={670-674},
  year={2005}
}

@article{intro4,
  title={Health effects of fine particulate air pollution: lines that connect},
  author={Pope III, C. A., and Dockery, D. W.},
  journal={Journal of the air and waste management association},
  volume={56},
  number={6},
  pages={709-742},
  year={2006}
}

@article{intro5,
  title={Air pollution control policies in China: a retrospective and prospects},
  author={Jin, Y., Andersson, H., and Zhang, S.},
  journal={International journal of environmental research and public health},
  volume={13},
  number={12},
  pages={1219},
  year={2016}
}

@article{intro6,
  title={Reconstructing 1-km-resolution high-quality PM2. 5 data records from 2000 to 2018 in China: spatiotemporal variations and policy implications},
  author={Wei, J., Li, Z., Lyapustin, A., Sun, L., Peng, Y., Xue, W., ... and Cribb, M},
  journal={Remote Sensing of Environment},
  volume={252},
  pages={112136},
  year={2021}
}

@article{example2023,
  title={An example article},
  author={Doe, John and Smith, Jane},
  journal={Journal of Example Studies},
  volume={1},
  number={1},
  pages={1-10},
  year={2023},
  publisher={Example Publisher}
}

@book{example_book2022,
  title={An example book},
  author={Doe, John},
  year={2022},
  publisher={Example Publisher}
}


@online{Phytoplankton_data,
  author       = {Magnuson,J.J., S.R.Carpenter, and E.H.Stanley},
  title        = {North Temperate Lakes LTER: Phytoplankton - Madison Lakes Area 1995 - current},
  year         = 2022,
  url          = {https://portal.edirepository.org/nis/mapbrowse?scope=knb-lter-ntl&identifier=88&revision=31},
  note         = {Accessed: 2023-04-20}
}


@article{rain,
  title={Effect of meteorological factors on PM2. 5 during July to September of Beijing},
  author={Pu, Wei-wei and Zhao, Xiu-juan and Zhang, Xiao-ling and Ma, Zhi-qiang},
  journal={Procedia Earth and Planetary Science},
  volume={2},
  pages={272-277},
  year={2011}
}

@article{heating,
  title={Assessing Beijing's PM2. 5 pollution: severity, weather impact, APEC and winter heating},
  author={Liang, Xuan and Zou, Tao and Guo, Bin and Li, Shuo and Zhang, Haozhe and Zhang, Shuyi and Huang, Hui and Chen, Song Xi},
  journal={Proceedings of the Royal Society A: Mathematical, Physical and Engineering Sciences},
  volume={471},
  year={2015}
}

@article{plan,
  title={The impact of the “air pollution prevention and control action plan” on PM2. 5 concentrations in Jing-Jin-Ji region during 2012–2020},
  author={Cai, Siyi and Wang, Yangjun and Zhao, Bin and Wang, Shuxiao and Chang, Xing and Hao, Jiming},
  journal={Science of the Total Environment},
  volume={580},
  year={2017}
}

@article{wei2021reconstructing,
  title={Reconstructing 1-km-resolution high-quality PM2. 5 data records from 2000 to 2018 in China: spatiotemporal variations and policy implications},
  author={Wei, Jing and Li, Zhanqing and Lyapustin, Alexei and Sun, Lin and Peng, Yiran and Xue, Wenhao and Su, Tianning and Cribb, Maureen},
  journal={Remote Sensing of Environment},
  volume={252},
  pages={112136},
  year={2021},
  publisher={Elsevier}
}